% Generated by Paperpile. Check out http://paperpile.com for more information.
% BibTeX export options can be customized via Settings -> BibTeX.

@TECHREPORT{Saarinen2015-vh,
  title    = "The {BLAKE2} cryptographic hash and message authentication code
              ({MAC})",
  author   = "Saarinen, Markku Juhani and Aumasson, Jean-Philippe",
  number   = "RFC 7693",
  year     =  2015,
  keywords = "compsci;Efficient Event Classification through Constrained
              Subgraph Mining"
}

@TECHREPORT{Yan2002-hg,
  title       = "gSpan: {Graph-Based} Substructure Pattern Mining, Expanded
                 Version",
  author      = "Yan, Xifeng and Han, Jiawei",
  number      = "UIUCDCS-R-2002-2296",
  institution = "UIUC Technical Report",
  year        =  2002,
  keywords    = "compsci;Efficient Event Classification through Constrained
                 Subgraph Mining"
}

@ARTICLE{Chang2011-wa,
  title     = "{LIBSVM}: A Library for Support Vector Machines",
  author    = "Chang, Chih-Chung and Lin, Chih-Jen",
  journal   = "ACM Trans. Intell. Syst. Technol.",
  publisher = "ACM",
  volume    =  2,
  number    =  3,
  pages     = "27:1--27:27",
  month     =  may,
  year      =  2011,
  address   = "New York, NY, USA",
  keywords  = "Classification LIBSVM optimization regression support vector
               machines SVM;compsci;Efficient Event Classification through
               Constrained Subgraph Mining"
}

@MISC{noauthor_undated-io,
  title        = "1.4. Support Vector Machines --- scikit-learn 0.19.1
                  documentation",
  howpublished = "\url{http://scikit-learn.org/stable/modules/svm.html}",
  note         = "Accessed: 2018-2-4",
  keywords     = "compsci;Efficient Event Classification through Constrained
                  Subgraph Mining"
}

@ARTICLE{Pedregosa2011-ld,
  title    = "Scikit-learn: Machine Learning in Python",
  author   = "Pedregosa, Fabian and Varoquaux, Ga{\"e}l and Gramfort, Alexandre
              and Michel, Vincent and Thirion, Bertrand and Grisel, Olivier and
              Blondel, Mathieu and Prettenhofer, Peter and Weiss, Ron and
              Dubourg, Vincent and Vanderplas, Jake and Passos, Alexandre and
              Cournapeau, David and Brucher, Matthieu and Perrot, Matthieu and
              Duchesnay, {\'E}douard",
  journal  = "J. Mach. Learn. Res.",
  volume   =  12,
  number   = "Oct",
  pages    = "2825--2830",
  year     =  2011,
  keywords = "compsci;Efficient Event Classification through Constrained
              Subgraph Mining"
}

@INPROCEEDINGS{Han1999-bj,
  title     = "Efficient mining of partial periodic patterns in time series
               database",
  booktitle = "Proceedings 15th International Conference on Data Engineering
               (Cat. {No.99CB36337})",
  author    = "Han, Jiawei and Dong, Guozhu and Yin, Yiwen",
  pages     = "106--115",
  month     =  mar,
  year      =  1999,
  keywords  = "data mining;statistical databases;time series;data mining;hit
               set property;partial periodicity search;periodicity
               search;time-series databases;Algorithm design and
               analysis;Cities and towns;Computer science;Councils;Data
               analysis;Data mining;Databases;Read only
               memory;Sun;compsci;Efficient Event Classification through
               Constrained Subgraph Mining"
}

@ARTICLE{Zaki2001-jy,
  title     = "{SPADE}: An Efficient Algorithm for Mining Frequent Sequences",
  author    = "Zaki, Mohammed J",
  journal   = "Mach. Learn.",
  publisher = "Kluwer Academic Publishers",
  volume    =  42,
  number    = "1-2",
  pages     = "31--60",
  month     =  jan,
  year      =  2001,
  keywords  = "compsci;Efficient Event Classification through Constrained
               Subgraph Mining",
  language  = "en"
}

@ARTICLE{Han2004-qs,
  title     = "From sequential pattern mining to structured pattern mining: A
               pattern-growth approach",
  author    = "Han, Jia-Wei and Pei, Jian and Yan, Xi-Feng",
  journal   = "J. Comput. Sci. \& Technol.",
  publisher = "Science Press",
  volume    =  19,
  number    =  3,
  pages     = "257--279",
  month     =  may,
  year      =  2004,
  keywords  = "compsci;Efficient Event Classification through Constrained
               Subgraph Mining",
  language  = "en"
}

@ARTICLE{Pei2002-ud,
  title     = "Constrained Frequent Pattern Mining: A Pattern-growth View",
  author    = "Pei, Jian and Han, Jiawei",
  journal   = "SIGKDD Explor. Newsl.",
  publisher = "ACM",
  volume    =  4,
  number    =  1,
  pages     = "31--39",
  month     =  jun,
  year      =  2002,
  address   = "New York, NY, USA",
  keywords  = "compsci;Efficient Event Classification through Constrained
               Subgraph Mining"
}

@ARTICLE{Han2000-ut,
  title     = "Mining frequent patterns by pattern-growth: methodology and
               implications",
  author    = "Han, Jiawei and Pei, Jian",
  journal   = "ACM SIGKDD Explorations Newsletter",
  publisher = "ACM",
  volume    =  2,
  number    =  2,
  pages     = "14--20",
  month     =  dec,
  year      =  2000,
  keywords  = "associations; constraint-based mining; frequent patterns;
               scalable data mining methods and algorithms; sequential
               patterns;compsci;Efficient Event Classification through
               Constrained Subgraph Mining"
}

@INPROCEEDINGS{Srikant1996-dy,
  title     = "Mining Quantitative Association Rules in Large Relational Tables",
  booktitle = "Proceedings of the 1996 {ACM} {SIGMOD} International Conference
               on Management of Data",
  author    = "Srikant, Ramakrishnan and Agrawal, Rakesh",
  publisher = "ACM",
  pages     = "1--12",
  series    = "SIGMOD '96",
  year      =  1996,
  address   = "New York, NY, USA",
  keywords  = "compsci;Efficient Event Classification through Constrained
               Subgraph Mining"
}

@ARTICLE{Kossinets2006-rw,
  title       = "Empirical analysis of an evolving social network",
  author      = "Kossinets, Gueorgi and Watts, Duncan J",
  affiliation = "Department of Sociology and Institute for Social and Economic
                 Research and Policy, Columbia University, 420 West 118th
                 Street, MC 3355, New York, NY 10027, USA. gk297@columbia.edu",
  journal     = "Science",
  publisher   = "science.sciencemag.org",
  volume      =  311,
  number      =  5757,
  pages       = "88--90",
  month       =  jan,
  year        =  2006,
  keywords    = "socsci;Efficient Event Classification through Constrained
                 Subgraph Mining",
  language    = "en"
}

@ARTICLE{Cortes1995-ix,
  title     = "Support-vector networks",
  author    = "Cortes, Corinna and Vapnik, Vladimir",
  journal   = "Mach. Learn.",
  publisher = "Kluwer Academic Publishers",
  volume    =  20,
  number    =  3,
  pages     = "273--297",
  month     =  sep,
  year      =  1995,
  keywords  = "compsci;Efficient Event Classification through Constrained
               Subgraph Mining",
  language  = "en"
}

@MISC{noauthor_undated-bv,
  title        = "Apache Hadoop - Open source software for reliable, scalable,
                  distributed computing",
  howpublished = "\url{http://hadoop.apache.org/}",
  note         = "Accessed: 2018-2-2",
  keywords     = "misc;Efficient Event Classification through Constrained
                  Subgraph Mining"
}

@MISC{noauthor_undated-zu,
  title        = "Elasticsearch - Open Source Search \& Analytics",
  howpublished = "\url{https://www.elastic.co/}",
  note         = "Accessed: 2018-2-2",
  keywords     = "misc;Efficient Event Classification through Constrained
                  Subgraph Mining"
}

@MISC{noauthor_undated-vl,
  title        = "Grafana - The open platform for analytics and monitoring",
  booktitle    = "Grafana Labs",
  howpublished = "\url{https://grafana.com/}",
  note         = "Accessed: 2018-2-2",
  keywords     = "misc;Efficient Event Classification through Constrained
                  Subgraph Mining"
}

@MISC{noauthor_undated-xi,
  title        = "Graylog - Open Source Log Management",
  howpublished = "\url{https://www.graylog.org/}",
  note         = "Accessed: 2018-2-2",
  keywords     = "misc;Efficient Event Classification through Constrained
                  Subgraph Mining"
}

@ARTICLE{Travers1967-cn,
  title     = "The small world problem",
  author    = "Travers, Jeffrey and Milgram, Stanley",
  journal   = "Phychology Today",
  publisher = "JSTOR",
  volume    =  1,
  number    =  1,
  pages     = "61--67",
  year      =  1967,
  keywords  = "socsci;Efficient Event Classification through Constrained
               Subgraph Mining"
}

@BOOK{Newman2010-ac,
  title     = "Networks: An Introduction",
  author    = "Newman, Mark",
  publisher = "Oxford University Press",
  month     =  mar,
  year      =  2010,
  keywords  = "compsci;Efficient Event Classification through Constrained
               Subgraph Mining",
  language  = "en"
}

@INPROCEEDINGS{Cook1971-fj,
  title     = "The complexity of theorem-proving procedures",
  booktitle = "Proceedings of the third annual {ACM} symposium on Theory of
               computing",
  author    = "Cook, Stephen A",
  publisher = "ACM",
  pages     = "151--158",
  month     =  may,
  year      =  1971,
  keywords  = "compsci;Efficient Event Classification through Constrained
               Subgraph Mining"
}

@MISC{Rahtz_undated-bv,
  title        = "{TeX} Live - {TeX} Users Group",
  author       = "Rahtz, Sebastian and Kakuto, Akira and Berry, Karl and
                  Scarso, Luigi and Miklavec, Mojka and Preining, Norbert and
                  Kotucha, Reinhard and Kroonenberg, Siep and Wawrykiewicz,
                  Staszek",
  howpublished = "\url{https://www.tug.org/texlive/}",
  note         = "Accessed: 2018-2-2",
  keywords     = "misc;Efficient Event Classification through Constrained
                  Subgraph Mining"
}

@MISC{Van_der_Zander_undated-kf,
  title        = "{TeXstudio}",
  author       = "van der Zander, Benito",
  howpublished = "\url{http://www.texstudio.org/}",
  note         = "Accessed: 2018-2-2",
  keywords     = "misc;Efficient Event Classification through Constrained
                  Subgraph Mining"
}

@ARTICLE{Shannon2003-gg,
  title       = "Cytoscape: a software environment for integrated models of
                 biomolecular interaction networks",
  author      = "Shannon, Paul and Markiel, Andrew and Ozier, Owen and Baliga,
                 Nitin S and Wang, Jonathan T and Ramage, Daniel and Amin, Nada
                 and Schwikowski, Benno and Ideker, Trey",
  affiliation = "Institute for Systems Biology, Seattle, Washington 98103, USA.",
  journal     = "Genome Res.",
  volume      =  13,
  number      =  11,
  pages       = "2498--2504",
  month       =  nov,
  year        =  2003,
  keywords    = "misc;Efficient Event Classification through Constrained
                 Subgraph Mining",
  language    = "en"
}

@ARTICLE{Garey1976-po,
  title    = "Some simplified {NP-complete} graph problems",
  author   = "Garey, M R and Johnson, D S and Stockmeyer, L",
  journal  = "Theor. Comput. Sci.",
  volume   =  1,
  number   =  3,
  pages    = "237--267",
  month    =  feb,
  year     =  1976,
  keywords = "maths;Efficient Event Classification through Constrained Subgraph
              Mining"
}

@TECHREPORT{Fortin1996-la,
  title       = "The graph isomorphism problem",
  author      = "Fortin, Scott",
  number      = "96-20",
  institution = "University of Alberta",
  year        =  1996,
  keywords    = "maths;Efficient Event Classification through Constrained
                 Subgraph Mining"
}

@ARTICLE{Dragoni2016-fh,
  title         = "Microservices: yesterday, today, and tomorrow",
  author        = "Dragoni, Nicola and Giallorenzo, Saverio and Lafuente,
                   Alberto Lluch and Mazzara, Manuel and Montesi, Fabrizio and
                   Mustafin, Ruslan and Safina, Larisa",
  month         =  jun,
  year          =  2016,
  keywords      = "compsci;Efficient Event Classification through Constrained
                   Subgraph Mining",
  archivePrefix = "arXiv",
  primaryClass  = "cs.SE",
  eprint        = "1606.04036"
}

@ARTICLE{Peters1993-fw,
  title    = "The history and development of transaction log analysis",
  author   = "Peters, Thomas A",
  journal  = "Library Hi Tech",
  volume   =  11,
  number   =  2,
  pages    = "41--66",
  year     =  1993,
  keywords = "compsci;Efficient Event Classification through Constrained
              Subgraph Mining"
}

@ARTICLE{Agrawal1993-nc,
  title     = "Mining Association Rules Between Sets of Items in Large
               Databases",
  author    = "Agrawal, Rakesh and Imieli{\'n}ski, Tomasz and Swami, Arun",
  journal   = "SIGMOD Rec.",
  publisher = "ACM",
  volume    =  22,
  number    =  2,
  pages     = "207--216",
  month     =  jun,
  year      =  1993,
  address   = "New York, NY, USA",
  keywords  = "compsci;Efficient Event Classification through Constrained
               Subgraph Mining"
}

@INPROCEEDINGS{Agrawal1994-ca,
  title     = "Fast algorithms for mining association rules",
  booktitle = "Proc. 20th int. conf. very large data bases, {VLDB}",
  author    = "Agrawal, Rakesh and Srikant, Ramakrishnan and {Others}",
  volume    =  1215,
  pages     = "487--499",
  year      =  1994,
  keywords  = "compsci;Efficient Event Classification through Constrained
               Subgraph Mining"
}

@INPROCEEDINGS{Pei2000-rz,
  title      = "Mining Access Patterns Efficiently from Web Logs",
  booktitle  = "Knowledge Discovery and Data Mining. Current Issues and New
                Applications",
  author     = "Pei, Jian and Han, Jiawei and Mortazavi-asl, Behzad and Zhu,
                Hua",
  publisher  = "Springer, Berlin, Heidelberg",
  pages      = "396--407",
  month      =  apr,
  year       =  2000,
  keywords   = "compsci;Efficient Event Classification through Constrained
                Subgraph Mining",
  language   = "en",
  conference = "Pacific-Asia Conference on Knowledge Discovery and Data Mining"
}

@ARTICLE{Jung2017-zs,
  title         = "When is Network Lasso Accurate?",
  author        = "Jung, Alexander",
  month         =  apr,
  year          =  2017,
  keywords      = "stats;Efficient Event Classification through Constrained
                   Subgraph Mining",
  archivePrefix = "arXiv",
  primaryClass  = "stat.ML",
  eprint        = "1704.02107"
}

@ARTICLE{Haghiri2017-mk,
  title         = "Comparison Based Nearest Neighbor Search",
  author        = "Haghiri, Siavash and Ghoshdastidar, Debarghya and von
                   Luxburg, Ulrike",
  month         =  apr,
  year          =  2017,
  keywords      = "stats;Efficient Event Classification through Constrained
                   Subgraph Mining",
  archivePrefix = "arXiv",
  primaryClass  = "stat.ML",
  eprint        = "1704.01460"
}

@ARTICLE{Lei2017-ip,
  title         = "{Cross-Validation} with Confidence",
  author        = "Lei, Jing",
  month         =  mar,
  year          =  2017,
  keywords      = "stats;Efficient Event Classification through Constrained
                   Subgraph Mining",
  archivePrefix = "arXiv",
  primaryClass  = "stat.ME",
  eprint        = "1703.07904"
}

@INPROCEEDINGS{Ringsquandl2016-en,
  title           = "Knowledge Graph Constraints for Multi-label Graph
                     Classification",
  booktitle       = "2016 {IEEE} 16th International Conference on Data Mining
                     Workshops ({ICDMW})",
  author          = "Ringsquandl, Martin and Lamparter, Steffen and Thon, Ingo
                     and Lepratti, Raffaello and Kroger, Peer",
  publisher       = "IEEE",
  pages           = "121--127",
  year            =  2016,
  keywords        = "compsci;Efficient Event Classification through Constrained
                     Subgraph Mining",
  conference      = "2016 IEEE 16th International Conference on Data Mining
                     Workshops (ICDMW)"
}

@ARTICLE{De_Graaf2007-hh,
  title         = "Clustering with Lattices in the Analysis of Graph Patterns",
  author        = "de Graaf, Edgar H and Kok, Joost N and Kosters, Walter A",
  month         =  may,
  year          =  2007,
  keywords      = "compsci;Efficient Event Classification through Constrained
                   Subgraph Mining",
  archivePrefix = "arXiv",
  primaryClass  = "cs.AI",
  eprint        = "0705.0593"
}

@ARTICLE{Hallac2015-uk,
  title       = "Network Lasso: Clustering and Optimization in Large Graphs",
  author      = "Hallac, David and Leskovec, Jure and Boyd, Stephen",
  affiliation = "Stanford University. Stanford University. Stanford University.",
  journal     = "KDD",
  volume      =  2015,
  pages       = "387--396",
  month       =  aug,
  year        =  2015,
  keywords    = "ADMM; Convex Optimization; Network Lasso;compsci;Efficient
                 Event Classification through Constrained Subgraph Mining",
  language    = "en"
}

@ARTICLE{Wei2017-ak,
  title         = "A Joint Framework for Argumentative Text Analysis
                   Incorporating Domain Knowledge",
  author        = "Wei, Zhongyu and Li, Chen and Liu, Yang",
  month         =  jan,
  year          =  2017,
  keywords      = "compsci;Efficient Event Classification through Constrained
                   Subgraph Mining",
  archivePrefix = "arXiv",
  primaryClass  = "cs.CL",
  eprint        = "1701.05343"
}

@ARTICLE{Bayer2017-af,
  title         = "Graph Based Relational Features for Collective
                   Classification",
  author        = "Bayer, Immanuel and Nagel, Uwe and Rendle, Steffen",
  month         =  feb,
  year          =  2017,
  keywords      = "compsci;Efficient Event Classification through Constrained
                   Subgraph Mining",
  archivePrefix = "arXiv",
  primaryClass  = "cs.IR",
  eprint        = "1702.02817"
}

@ARTICLE{Dhiman2016-wo,
  title    = "Optimizing Frequent Subgraph Mining for Single Large Graph",
  author   = "Dhiman, Aarzoo and Jain, S K",
  journal  = "Procedia Comput. Sci.",
  volume   =  89,
  pages    = "378--385",
  year     =  2016,
  keywords = "Frequent Subgraph Mining; Graph; Optimization; Single Graph;
              Subgraph Isomorphism;compsci;Efficient Event Classification
              through Constrained Subgraph Mining"
}

@INPROCEEDINGS{Dhiman2016-jq,
  title           = "Frequent subgraph mining algorithms for single large
                     graphs --- A brief survey",
  booktitle       = "2016 International Conference on Advances in Computing,
                     Communication, \& Automation ({ICACCA}) (Spring)",
  author          = "Dhiman, Aarzoo and Jain, S K",
  publisher       = "IEEE",
  pages           = "1--6",
  month           =  apr,
  year            =  2016,
  keywords        = "compsci;Efficient Event Classification through Constrained
                     Subgraph Mining",
  conference      = "2016 International Conference on Advances in Computing,
                     Communication, \& Automation (ICACCA) (Spring)"
}

@INPROCEEDINGS{Zou2010-ze,
  title     = "Frequent subgraph mining on a single large graph using sampling
               techniques",
  booktitle = "Proceedings of the Eighth Workshop on Mining and Learning with
               Graphs",
  author    = "Zou, Ruoyu and Holder, Lawrence B",
  publisher = "ACM",
  pages     = "171--178",
  month     =  jul,
  year      =  2010,
  keywords  = "graph mining; large graph; sampling;compsci;Efficient Event
               Classification through Constrained Subgraph Mining"
}

@INCOLLECTION{Moussaoui2016-ng,
  title     = "{POSGRAMI}: Possibilistic Frequent Subgraph Mining in a Single
               Large Graph",
  booktitle = "Information Processing and Management of Uncertainty in
               {Knowledge-Based} Systems",
  author    = "Moussaoui, Mohamed and Zaghdoud, Montaceur and Akaichi, Jalel",
  editor    = "Carvalho, Joao Paulo and Lesot, Marie-Jeanne and Kaymak, Uzay
               and Vieira, Susana and Bouchon-Meunier, Bernadette and Yager,
               Ronald R",
  publisher = "Springer International Publishing",
  volume    =  610,
  pages     = "549--561",
  series    = "Communications in Computer and Information Science",
  year      =  2016,
  address   = "Cham",
  keywords  = "compsci;Efficient Event Classification through Constrained
               Subgraph Mining"
}

@INPROCEEDINGS{Elseidy2014-fz,
  title     = "{GRAMI}: Frequent Subgraph and Pattern Mining in a Single Large
               Graph",
  booktitle = "Proceedings of the {VLDB} Endowment",
  author    = "Elseidy, Mohammed and Abdelhamid, Ehab and Skiadopoulos, Spiros
               and Kalnis, Panos",
  month     =  mar,
  year      =  2014,
  keywords  = "compsci;Efficient Event Classification through Constrained
               Subgraph Mining"
}

@INPROCEEDINGS{Yan2003-dl,
  title      = "{CloseGraph}: Mining Closed Frequent Graph Patterns",
  booktitle  = "Proceedings of the ninth {ACM} {SIGKDD} international
                conference on Knowledge discovery and data mining",
  author     = "Yan, Xifeng and Han, Jiawei",
  year       =  2003,
  keywords   = "compsci;Efficient Event Classification through Constrained
                Subgraph Mining",
  conference = "KDD '03"
}

@INPROCEEDINGS{Han2007-qx,
  title     = "Frequent pattern mining: current status and future directions",
  booktitle = "Proceedings of the fifteenth {ACM} {SIGKDD} international
               conference on Knowledge discovery and data mining",
  author    = "Han, Jiawei and Cheng, Hong and Xin, Dong and Yan, Xifeng",
  publisher = "Kluwer Academic Publishers-Plenum Publishers",
  volume    =  15,
  pages     = "55--86",
  month     =  aug,
  year      =  2007,
  keywords  = "compsci;Efficient Event Classification through Constrained
               Subgraph Mining",
  language  = "en"
}

@INPROCEEDINGS{Yan2002-sj,
  title      = "gSpan: graph-based substructure pattern mining",
  booktitle  = "2002 {IEEE} International Conference on Data Mining, 2002.
                Proceedings.",
  author     = "Yan, Xifeng and Han, Jiawei",
  publisher  = "IEEE Comput. Soc",
  pages      = "721--724",
  year       =  2002,
  keywords   = "data mining;tree searching;algorithm;canonical
                label;depth-first search strategy;frequent connected subgraph
                mining;frequent graph-based pattern mining;frequent
                substructure discovery;gSpan;graph datasets;graph-based
                substructure pattern mining;lexicographic order;performance
                study;unique minimum DFS code;Chemical compounds;Computer
                science;Costs;Data mining;Data
                structures;Graphics;Itemsets;Kernel;Testing;Tree
                graphs;compsci;Efficient Event Classification through
                Constrained Subgraph Mining",
  conference = "2002 IEEE International Conference on Data Mining. ICDM 2002"
}

@BOOK{Ojeda2014-lq,
  title     = "Practical Data Science Cookbook",
  author    = "Ojeda, Tony and Murphy, Sean Patrick and Bengfort, Benjamin and
               Dasgupta, Abhijit",
  publisher = "Packt Publishing Ltd",
  month     =  sep,
  year      =  2014,
  keywords  = "stats;Efficient Event Classification through Constrained
               Subgraph Mining",
  language  = "en"
}

@BOOK{Cuesta2013-ha,
  title     = "Practical Data Analysis",
  author    = "Cuesta, Hector",
  publisher = "Packt Publishing",
  year      =  2013,
  keywords  = "stats;Efficient Event Classification through Constrained
               Subgraph Mining"
}

@BOOK{Coelho2015-wo,
  title     = "Building Machine Learning Systems with Python - Second Edition",
  author    = "Coelho, Luis Pedro and Richert, Willi",
  publisher = "Packt Publishing Ltd",
  month     =  mar,
  year      =  2015,
  keywords  = "compsci;Efficient Event Classification through Constrained
               Subgraph Mining",
  language  = "en"
}

@INPROCEEDINGS{Crouch2013-qe,
  title           = "Dynamic Graphs in the {Sliding-Window} Model?",
  booktitle       = "Algorithms -- {ESA} 2013 Proceedings",
  author          = "Crouch, Michael S and Mc Gregor, Andrew and Stubbs, Daniel",
  year            =  2013,
  keywords        = "compsci;Efficient Event Classification through Constrained
                     Subgraph Mining",
  conference      = "Algorithms -- ESA 2013"
}

@INPROCEEDINGS{Kyrola2012-wx,
  title     = "{GraphChi}: {Large-Scale} Graph Computation on Just a {PC}",
  booktitle = "{OSDI}",
  author    = "Kyrola, Aapo and Blelloch, Guy E and Guestrin, Carlos and
               {Others}",
  volume    =  12,
  pages     = "31--46",
  year      =  2012,
  keywords  = "compsci;Efficient Event Classification through Constrained
               Subgraph Mining"
}

@ARTICLE{Grone1994-qc,
  title     = "The Laplacian spectrum of a graph {II}",
  author    = "Grone, Robert and Merris, Russell",
  journal   = "SIAM J. Discrete Math.",
  publisher = "SIAM",
  volume    =  7,
  number    =  2,
  pages     = "221--229",
  year      =  1994,
  keywords  = "maths;Efficient Event Classification through Constrained
               Subgraph Mining"
}

@ARTICLE{Grone1990-fa,
  title     = "The Laplacian Spectrum of a Graph",
  author    = "Grone, Robert and Merris, Russell and Sunder, V S",
  journal   = "SIAM J. Matrix Anal. Appl.",
  publisher = "SIAM",
  volume    =  11,
  number    =  2,
  pages     = "218--238",
  year      =  1990,
  keywords  = "maths;Efficient Event Classification through Constrained
               Subgraph Mining"
}

@ARTICLE{Mohar1991-lx,
  title     = "The Laplacian spectrum of graphs",
  author    = "Mohar, Bojan and Alavi, Y and Chartrand, G and Oellermann, O R",
  journal   = "Graph theory, combinatorics, and applications",
  publisher = "academia.edu",
  volume    =  2,
  number    = "871-898",
  pages     = "12",
  year      =  1991,
  keywords  = "maths;Efficient Event Classification through Constrained
               Subgraph Mining"
}

@BOOK{Han2006-on,
  title     = "Data Mining: Concepts and Techniques",
  author    = "Han, Jiawei and Kamber, Micheline",
  publisher = "Morgan Kaufinann",
  edition   =  2,
  year      =  2006,
  keywords  = "compsci;Efficient Event Classification through Constrained
               Subgraph Mining"
}

@ARTICLE{Yan2005-nz,
  title     = "Mining closed relational graphs with connectivity constraints",
  author    = "Yan, X and Zhou, X and Han, J",
  journal   = "Proceedings of the eleventh ACM SIGKDD",
  publisher = "dl.acm.org",
  year      =  2005,
  keywords  = "compsci;Efficient Event Classification through Constrained
               Subgraph Mining"
}

@INPROCEEDINGS{Kong2013-ug,
  title     = "Multi-label Classification by Mining Label and Instance
               Correlations from Heterogeneous Information Networks",
  booktitle = "Proceedings of the 19th {ACM} {SIGKDD} International Conference
               on Knowledge Discovery and Data Mining",
  author    = "Kong, Xiangnan and Cao, Bokai and Yu, Philip S",
  publisher = "ACM",
  pages     = "614--622",
  series    = "KDD '13",
  year      =  2013,
  address   = "New York, NY, USA",
  keywords  = "data mining, heterogeneous information network, label
               correlation, multi-label classification;compsci;Efficient Event
               Classification through Constrained Subgraph Mining"
}

@INPROCEEDINGS{Kong2012-fj,
  title     = "Meta Path-based Collective Classification in Heterogeneous
               Information Networks",
  booktitle = "Proceedings of the 21st {ACM} International Conference on
               Information and Knowledge Management",
  author    = "Kong, Xiangnan and Yu, Philip S and Ding, Ying and Wild, David J",
  publisher = "ACM",
  pages     = "1567--1571",
  series    = "CIKM '12",
  year      =  2012,
  address   = "New York, NY, USA",
  keywords  = "heterogeneous information networks, meta path;compsci;Efficient
               Event Classification through Constrained Subgraph Mining"
}

@BOOK{Han2011-ms,
  title     = "Data Mining: Concepts and Techniques",
  author    = "Han, Jiawei and Pei, Jian and Kamber, Micheline",
  publisher = "Elsevier",
  edition   =  3,
  month     =  jun,
  year      =  2011,
  keywords  = "compsci;Efficient Event Classification through Constrained
               Subgraph Mining",
  language  = "en"
}

@INPROCEEDINGS{Deville2016-pp,
  title      = "{GriMa}: A Grid Mining Algorithm for {Bag-of-Grid-Based}
                Classification",
  booktitle  = "Structural, Syntactic, and Statistical Pattern Recognition",
  author     = "Deville, Romain and Fromont, Elisa and Jeudy, Baptiste and
                Solnon, Christine",
  editor     = "Robles-Kelly, Antonio and Loog, Marco and Biggio, Battista and
                Escolano, Francisco and Wilson, Richard",
  publisher  = "Springer International Publishing",
  pages      = "132--142",
  series     = "Lecture Notes in Computer Science",
  month      =  nov,
  year       =  2016,
  keywords   = "compsci;Efficient Event Classification through Constrained
                Subgraph Mining",
  language   = "en",
  conference = "Joint IAPR International Workshops on Statistical Techniques in
                Pattern Recognition (SPR) and Structural and Syntactic Pattern
                Recognition (SSPR)"
}

@ARTICLE{Bianchi2015-wu,
  title     = "Granular Computing Techniques for Classification and Semantic
               Characterization of Structured Data",
  author    = "Bianchi, Filippo Maria and Scardapane, Simone and Rizzi,
               Antonello and Uncini, Aurelio and Sadeghian, Alireza",
  journal   = "Cognit. Comput.",
  publisher = "Springer US",
  volume    =  8,
  number    =  3,
  pages     = "442--461",
  month     =  dec,
  year      =  2015,
  keywords  = "compsci;Efficient Event Classification through Constrained
               Subgraph Mining",
  language  = "en"
}

@ARTICLE{Hu2016-uv,
  title     = "An aerial image recognition framework using discrimination and
               redundancy quality measure",
  author    = "Hu, Yuxing and Nie, Liqiang",
  journal   = "J. Vis. Commun. Image Represent.",
  publisher = "Elsevier",
  volume    =  37,
  pages     = "53--62",
  year      =  2016,
  keywords  = "Aerial image; Categorization; Discriminative; Subgraph; Data
               mining; Image recognition; Framework; Quality
               measure;compsci;Efficient Event Classification through
               Constrained Subgraph Mining"
}

@INPROCEEDINGS{Arora2010-bc,
  title     = "Sentiment Classification Using Automatically Extracted Subgraph
               Features",
  booktitle = "Proceedings of the {NAACL} {HLT} 2010 Workshop on Computational
               Approaches to Analysis and Generation of Emotion in Text",
  author    = "Arora, Shilpa and Mayfield, Elijah and Penstein-Ros{\'e},
               Carolyn and Nyberg, Eric",
  publisher = "Association for Computational Linguistics",
  pages     = "131--139",
  series    = "CAAGET '10",
  year      =  2010,
  address   = "Stroudsburg, PA, USA",
  keywords  = "compsci;Efficient Event Classification through Constrained
               Subgraph Mining"
}

@ARTICLE{Conte2004-ki,
  title     = "{THIRTY} {YEARS} {OF} {GRAPH} {MATCHING} {IN} {PATTERN}
               {RECOGNITION}",
  author    = "Conte, D and Foggia, P and Sansone, C and Vento, M",
  journal   = "Int. J. Pattern Recognit Artif Intell.",
  publisher = "World Scientific",
  volume    =  18,
  number    =  03,
  pages     = "265--298",
  year      =  2004,
  keywords  = "compsci;Efficient Event Classification through Constrained
               Subgraph Mining"
}

@INPROCEEDINGS{Nguyen2009-ts,
  title     = "Graph-based Mining of Multiple Object Usage Patterns",
  booktitle = "Proceedings of the the 7th Joint Meeting of the European
               Software Engineering Conference and the {ACM} {SIGSOFT}
               Symposium on The Foundations of Software Engineering",
  author    = "Nguyen, Tung Thanh and Nguyen, Hoan Anh and Pham, Nam H and
               Al-Kofahi, Jafar M and Nguyen, Tien N",
  publisher = "ACM",
  pages     = "383--392",
  series    = "ESEC/FSE '09",
  year      =  2009,
  address   = "New York, NY, USA",
  keywords  = "anomaly, api usage, clone, graph mining, groum, object usage,
               pattern;compsci;Efficient Event Classification through
               Constrained Subgraph Mining"
}

@ARTICLE{Washio2003-fc,
  title     = "State of the Art of Graph-based Data Mining",
  author    = "Washio, Takashi and Motoda, Hiroshi",
  journal   = "SIGKDD Explor. Newsl.",
  publisher = "ACM",
  volume    =  5,
  number    =  1,
  pages     = "59--68",
  month     =  jul,
  year      =  2003,
  address   = "New York, NY, USA",
  keywords  = "data mining, graph, graph-based data mining, path, structured
               data, tree;compsci;Efficient Event Classification through
               Constrained Subgraph Mining"
}

@INPROCEEDINGS{Cheng2009-td,
  title     = "Identifying Bug Signatures Using Discriminative Graph Mining",
  booktitle = "Proceedings of the Eighteenth International Symposium on
               Software Testing and Analysis",
  author    = "Cheng, Hong and Lo, David and Zhou, Yang and Wang, Xiaoyin and
               Yan, Xifeng",
  publisher = "ACM",
  pages     = "141--152",
  series    = "ISSTA '09",
  year      =  2009,
  address   = "New York, NY, USA",
  keywords  = "bug signature, discriminative subgraph mining;compsci;Efficient
               Event Classification through Constrained Subgraph Mining"
}

@INPROCEEDINGS{Zhang2009-wg,
  title     = "{GADDI}: Distance Index Based Subgraph Matching in Biological
               Networks",
  booktitle = "Proceedings of the 12th International Conference on Extending
               Database Technology: Advances in Database Technology",
  author    = "Zhang, Shijie and Li, Shirong and Yang, Jiong",
  publisher = "ACM",
  pages     = "192--203",
  series    = "EDBT '09",
  year      =  2009,
  address   = "New York, NY, USA",
  keywords  = "compsci;Efficient Event Classification through Constrained
               Subgraph Mining"
}

@INPROCEEDINGS{Jin2011-vz,
  title     = "{LTS}: Discriminative subgraph mining by learning from search
               history",
  booktitle = "2011 {IEEE} 27th International Conference on Data Engineering",
  author    = "Jin, N and Wang, W",
  publisher = "ieeexplore.ieee.org",
  pages     = "207--218",
  month     =  apr,
  year      =  2011,
  keywords  = "data mining;graph theory;greedy algorithms;learning (artificial
               intelligence);pattern classification;branch and bound
               algorithm;discriminative subgraph mining method;graph
               classifier;graph indices;greedy algorithm;learning to
               search;Accuracy;Algorithm design and analysis;Chemical
               compounds;Classification algorithms;Frequency
               estimation;History;Kernel;compsci;Efficient Event Classification
               through Constrained Subgraph Mining"
}
